<record><leader>00000cas a2200000 a 4500</leader><controlfield tag="001">12190883</controlfield><controlfield tag="008">850624d18891897ksuwr ne      0    0eng d</controlfield><datafield ind1=" " ind2=" " tag="010"><subfield code="a">sn 85031340 </subfield></datafield><datafield ind1=" " ind2=" " tag="040"><subfield code="a">KSH</subfield><subfield code="b">eng</subfield><subfield code="c">KSH</subfield><subfield code="d">NPT</subfield><subfield code="d">OCL</subfield><subfield code="d">OCLCQ</subfield></datafield><datafield ind1=" " ind2=" " tag="042"><subfield code="a">msc</subfield></datafield><datafield ind1="0" ind2="4" tag="245"><subfield code="a">The Caney times.</subfield></datafield><datafield ind1=" " ind2=" " tag="260"><subfield code="a">Caney, Kan. :</subfield><subfield code="b">Times Pub. Co.,</subfield><subfield code="c">1889-1897.</subfield></datafield><datafield ind1=" " ind2=" " tag="300"><subfield code="a">8 v. :</subfield><subfield code="b">ill. ;</subfield><subfield code="c">55-65 cm.</subfield></datafield><datafield ind1=" " ind2=" " tag="310"><subfield code="a">Weekly</subfield></datafield><datafield ind1="0" ind2=" " tag="362"><subfield code="a">Vol. 1, no. 1 (May 17, 1889)-v. 8, no. 47 (Mar. 5, 1897).</subfield></datafield><datafield ind1=" " ind2=" " tag="500"><subfield code="a">Publisher varies.</subfield></datafield><datafield ind1=" " ind2=" " tag="752"><subfield code="a">United States</subfield><subfield code="b">Kansas</subfield><subfield code="c">Montgomery</subfield><subfield code="d">Caney.</subfield></datafield><datafield ind1="0" ind2="0" tag="785"><subfield code="t">Caney phoenix</subfield><subfield code="w">(DLC)sn 85031341</subfield></datafield></record>